% Articles 
@article{potjans2014,
  title={The cell-type specific cortical microcircuit: relating structure and activity in a full-scale spiking network model},
  author={Potjans, Tobias C and Diesmann, Markus},
  journal={Cerebral cortex},
  volume={24},
  number={3},
  pages={785--806},
  year={2014},
  publisher={Oxford Univ Press}
}

@article{brunel2000,
  title={Dynamics of sparsely connected networks of excitatory and inhibitory spiking neurons},
  author={Brunel, Nicolas},
  journal={Journal of computational neuroscience},
  volume={8},
  number={3},
  pages={183--208},
  year={2000},
  publisher={Springer}
}

@article{nordlie2009,
  title={Towards reproducible descriptions of neuronal network models},
  author={Nordlie, Eilen and Gewaltig, Marc-Oliver and Plesser, Hans Ekkehard},
  journal={PLoS Comput. Biol},
  volume={5},
  number={8},
  pages={e1000456},
  year={2009}
}

@book{grun2010analysis,
  title={Analysis of parallel spike trains},
  author={Gr{\"u}n, Sonja and Rotter, Stefan},
  year={2010},
  publisher={Springer}
}

@book{cowan1998statistical,
  title={Statistical data analysis},
  author={Cowan, Glen},
  year={1998},
  publisher={Oxford University Press}
}


% Python and packages
@techreport{python,
 author = {Rossum, Guido},
 title = {Python Reference Manual},
 year = {1995},
 publisher = {CWI (Centre for Mathematics and Computer Science)},
 address = {Amsterdam, The Netherlands, The Netherlands},
} 

@misc{scipy,
  author =    {Eric Jones and Travis Oliphant and Pearu Peterson and others},
  title =     {{SciPy}: Open source scientific tools for {Python}},
  year =      {2001--},
  url = {http://www.scipy.org/}
}

@misc{uc,
    author =    {Eric O. Lebigot},
    title =     {Uncertainties: a Python package for calculations with uncertainties},
    url = "http://pythonhosted.org/uncertainties/",
    note     = {Last visited on 22/09/2014}
} 

@Article{matplotlib,
  Author    = {Hunter, J. D.},
  Title     = {Matplotlib: A 2D graphics environment},
  Journal   = {Computing In Science \& Engineering},
  Volume    = {9},
  Number    = {3},
  Pages     = {90--95},
  abstract  = {Matplotlib is a 2D graphics package used for Python
  for application development, interactive scripting, and
  publication-quality image generation across user
  interfaces and operating systems.},
  publisher = {IEEE COMPUTER SOC},
  year      = 2007
}

@ARTICLE{NEST,
  author = {Marc-Oliver Gewaltig and Markus Diesmann},
  title = {NEST (NEural Simulation Tool)},
  journal = {Scholarpedia},
  year = {2007},
  volume = {2},
  pages = {1430},
  number = {4}
}

@online{brewercolor,
    author =    {Cynthia A. Brewer},
    title =     {ColorBrewer: Color Advice for Maps},
    url = {http://www.ColorBrewer.org}, 
    urldate     = {2015-07-14}
} 


% Work documented on Github 
@online{notebook_viewer,
  title = {A notebook viewer for ipython notebooks},
  year = 2015,
  url = {http://nbviewer.ipython.org/github/alfred-s/microcircuit/tree/master/analysis/},
  urldate = {2015-04-08}
}

@online{ba_github,
  title = {BA repository, Schüßler},
  year = 2015,
  url = {https://github.com/alfred-s/microcircuit/tree/master/analysis},
  urldate = {2015-06-24}
}
