% Articles 
@article{amit1997model,
  title={Model of global spontaneous activity and local structured activity during delay periods in the cerebral cortex.},
  author={Amit, Daniel J and Brunel, Nicolas},
  journal={Cerebral cortex},
  volume={7},
  number={3},
  pages={237--252},
  year={1997},
  publisher={Oxford Univ Press}
}

@article{boucsein2011beyond,
  title={Beyond the cortical column: abundance and physiology of horizontal connections imply a strong role for inputs from the surround},
  author={Boucsein, Clemens and Nawrot, Martin and Schnepel, Philipp and Aertsen, Ad},
  journal={Frontiers in Neuroscience},
  volume={5},
  pages={32},
  year={2011},
  publisher={Frontiers}
}

@article{brette2015most,
  title={What Is the Most Realistic Single-Compartment Model of Spike Initiation?},
  author={Brette, Romain},
  year={2015}
}

@article{brodmann1909vergleichende,
  title={Vergleichende Lokalisationslehre der Groshirnrinde},
  author={Brodmann, K},
  journal={Leipzig: Barth},
  year={1909}
}

@article{brunel1999fast,
  title={Fast global oscillations in networks of integrate-and-fire neurons with low firing rates},
  author={Brunel, Nicolas and Hakim, Vincent},
  journal={Neural computation},
  volume={11},
  number={7},
  pages={1621--1671},
  year={1999},
  publisher={MIT Press}
}

@article{brunel2000,
  title={Dynamics of sparsely connected networks of excitatory and inhibitory spiking neurons},
  author={Brunel, Nicolas},
  journal={Journal of computational neuroscience},
  volume={8},
  number={3},
  pages={183--208},
  year={2000},
  publisher={Springer}
}

@article{defelipe2012neocortical,
  title={The neocortical column},
  author={DeFelipe, Javier and Markram, Henry and Rockland, Kathleen S},
  journal={Frontiers in neuroanatomy},
  volume={6},
  year={2012},
  publisher={Frontiers Media SA}
}

@article{eccles1976electrical,
  title={From electrical to chemical transmission in the central nervous system},
  author={Eccles, John},
  journal={Notes and records of the Royal Society of London},
  pages={219--230},
  year={1976},
  publisher={JSTOR}
}

@article{horton2005cortical,
  title={The cortical column: a structure without a function},
  author={Horton, Jonathan C and Adams, Daniel L},
  journal={Philosophical Transactions of the Royal Society B: Biological Sciences},
  volume={360},
  number={1456},
  pages={837--862},
  year={2005},
  publisher={The Royal Society}
}

@article{lapicque1907recherches,
  title={Recherches quantitatives sur l’excitation {\'e}lectrique des nerfs trait{\'e}e comme une polarisation},
  author={Lapicque, Louis},
  journal={J. Physiol. Pathol. Gen},
  volume={9},
  number={1},
  pages={620--635},
  year={1907}
}

@article{lui2011development,
  title={Development and evolution of the human neocortex},
  author={Lui, Jan H and Hansen, David V and Kriegstein, Arnold R},
  journal={Cell},
  volume={146},
  number={1},
  pages={18--36},
  year={2011},
  publisher={Elsevier}
}

@article{mountcastle1957modality,
  title={Modality and topographic properties of single neurons of cat's somatic sensory cortex},
  author={Mountcastle, Vernon B},
  journal={Journal of neurophysiology},
  volume={20},
  number={4},
  pages={408--434},
  year={1957},
  publisher={Am Physiological Soc}
}

@incollection{nawrot2010analysis,
  title={Analysis and interpretation of interval and count variability in neural spike trains},
  author={Nawrot, Martin Paul},
  booktitle={Analysis of parallel spike trains},
  pages={37--58},
  year={2010},
  publisher={Springer}
}

@article{nordlie2009,
  title={Towards reproducible descriptions of neuronal network models},
  author={Nordlie, Eilen and Gewaltig, Marc-Oliver and Plesser, Hans Ekkehard},
  journal={PLoS Comput. Biol},
  volume={5},
  number={8},
  pages={e1000456},
  year={2009}
}

@article{potjans2014,
  title={The cell-type specific cortical microcircuit: relating structure and activity in a full-scale spiking network model},
  author={Potjans, Tobias C and Diesmann, Markus},
  journal={Cerebral cortex},
  volume={24},
  number={3},
  pages={785--806},
  year={2014},
  publisher={Oxford Univ Press}
}

@article{rotter1999exact,
  title={Exact digital simulation of time-invariant linear systems with applications to neuronal modeling},
  author={Rotter, Stefan and Diesmann, Markus},
  journal={Biological cybernetics},
  volume={81},
  number={5-6},
  pages={381--402},
  year={1999},
  publisher={Springer}
}

@article{sadeh2014mean,
  title={Mean-field analysis of orientation selectivity in inhibition-dominated networks of spiking neurons},
  author={Sadeh, Sadra and Cardanobile, Stefano and Rotter, Stefan},
  journal={SpringerPlus},
  volume={3},
  number={1},
  pages={148},
  year={2014},
  publisher={Springer}
}

@article{sadeh2015orientation,
  title={Orientation Selectivity in Inhibition-Dominated Networks of Spiking Neurons: Effect of Single Neuron Properties and Network Dynamics},
  author={Sadeh, Sadra and Rotter, Stefan},
  journal={PLoS computational biology},
  volume={11},
  number={1},
  pages={e1004045},
  year={2015},
  publisher={Public Library of Science}
}

@incollection{staude2010higher,
  title={Higher-order correlations and cumulants},
  author={Staude, Benjamin and Gr{\"u}n, Sonja and Rotter, Stefan},
  booktitle={Analysis of parallel spike trains},
  pages={253--280},
  year={2010},
  publisher={Springer}
}

% Books
@book{ricciardi2013diffusion,
  title={Diffusion processes and related topics in biology},
  author={Ricciardi, Luigi M},
  volume={14},
  year={2013},
  publisher={Springer Science \& Business Media}
}

@book{tuckwell2005introduction,
  title={Introduction to theoretical neurobiology: volume 2, nonlinear and stochastic theories},
  author={Tuckwell, Henry C},
  volume={8},
  year={2005},
  publisher={Cambridge University Press}
}

% Python and packages
@techreport{python,
 author = {Rossum, Guido},
 title = {Python Reference Manual},
 year = {1995},
 publisher = {CWI (Centre for Mathematics and Computer Science)},
 address = {Amsterdam, The Netherlands, The Netherlands},
} 

@misc{scipy,
  author =    {Eric Jones and Travis Oliphant and Pearu Peterson and others},
  title =     {{SciPy}: Open source scientific tools for {Python}},
  year =      {2001--},
  url = {http://www.scipy.org/}
}

@misc{uc,
    author =    {Eric O. Lebigot},
    title =     {Uncertainties: a Python package for calculations with uncertainties},
    url = "http://pythonhosted.org/uncertainties/",
    note     = {Last visited on 22/09/2014}
} 

@Article{matplotlib,
  Author    = {Hunter, J. D.},
  Title     = {Matplotlib: A 2D graphics environment},
  Journal   = {Computing In Science \& Engineering},
  Volume    = {9},
  Number    = {3},
  Pages     = {90--95},
  abstract  = {Matplotlib is a 2D graphics package used for Python
  for application development, interactive scripting, and
  publication-quality image generation across user
  interfaces and operating systems.},
  publisher = {IEEE COMPUTER SOC},
  year      = 2007
}

@ARTICLE{NEST,
  author = {Marc-Oliver Gewaltig and Markus Diesmann},
  title = {NEST (NEural Simulation Tool)},
  journal = {Scholarpedia},
  year = {2007},
  volume = {2},
  pages = {1430},
  number = {4}
}

@online{brewercolor,
    author =    {Cynthia A. Brewer},
    title =     {ColorBrewer: Color Advice for Maps},
    url = {http://www.ColorBrewer.org}, 
    urldate     = {2015-07-14}
} 


% Work documented on Github 
@online{notebook_viewer,
  title = {A notebook viewer for ipython notebooks},
  year = 2015,
  url = {http://nbviewer.ipython.org/github/alfred-s/microcircuit/tree/master/analysis/},
  urldate = {2015-04-08}
}

@online{ba_github,
  title = {BA repository, Schüßler},
  year = 2015,
  url = {https://github.com/alfred-s/microcircuit/tree/master/analysis},
  urldate = {2015-06-24}
}
